@Manual{R-base,
  title = {R: A Language and Environment for Statistical Computing},
  author = {{R Core Team}},
  organization = {R Foundation for Statistical Computing},
  address = {Vienna, Austria},
  year = {2021},
  url = {https://www.R-project.org/},
}
@Manual{R-dplyr,
  title = {dplyr: A Grammar of Data Manipulation},
  author = {Hadley Wickham and Romain François and Lionel Henry and Kirill Müller},
  year = {2021},
  note = {R package version 1.0.7},
  url = {https://CRAN.R-project.org/package=dplyr},
}
@Manual{R-FSA,
  title = {FSA: Fisheries Stock Analysis},
  author = {Derek H. Ogle and Jason C. Doll and Powell Wheeler and Alexis Dinno},
  year = {2021},
  note = {R package version 0.9.1},
  url = {https://github.com/droglenc/FSA},
}
@Article{R-lme4,
  title = {Fitting Linear Mixed-Effects Models Using {lme4}},
  author = {Douglas Bates and Martin M{\"a}chler and Ben Bolker and Steve Walker},
  journal = {Journal of Statistical Software},
  year = {2015},
  volume = {67},
  number = {1},
  pages = {1--48},
  doi = {10.18637/jss.v067.i01},
}
@Article{R-lmerTest,
  title = {{lmerTest} Package: Tests in Linear Mixed Effects Models},
  author = {Alexandra Kuznetsova and Per B. Brockhoff and Rune H. B. Christensen},
  journal = {Journal of Statistical Software},
  year = {2017},
  volume = {82},
  number = {13},
  pages = {1--26},
  doi = {10.18637/jss.v082.i13},
}
@Manual{R-Matrix,
  title = {Matrix: Sparse and Dense Matrix Classes and Methods},
  author = {Douglas Bates and Martin Maechler},
  year = {2021},
  note = {R package version 1.3-4},
  url = {https://CRAN.R-project.org/package=Matrix},
}
@Manual{R-papaja,
  title = {{papaja}: {Prepare} reproducible {APA} journal articles with {R Markdown}},
  author = {Frederik Aust and Marius Barth},
  year = {2020},
  note = {R package version 0.1.0.9997},
  url = {https://github.com/crsh/papaja},
}
@Manual{R-tinylabels,
  title = {{tinylabels}: Lightweight Variable Labels},
  author = {Marius Barth},
  year = {2021},
  note = {R package version 0.2.1},
  url = {https://github.com/mariusbarth/tinylabels},
}
@Manual{R-emmeans,
  title = {emmeans: Estimated Marginal Means, aka Least-Squares Means},
  author = {Russell V. Lenth},
  year = {2021},
  note = {R package version 1.7.0},
  url = {https://CRAN.R-project.org/package=emmeans},
}
@Book{R-ggplot2,
  author = {Hadley Wickham},
  title = {ggplot2: Elegant Graphics for Data Analysis},
  publisher = {Springer-Verlag New York},
  year = {2016},
  isbn = {978-3-319-24277-4},
  url = {https://ggplot2.tidyverse.org},
}
@Manual{R-rio,
  title = {rio: A Swiss-army knife for data file I/O},
  author = {Chung-hong Chan and Geoffrey CH Chan and Thomas J. Leeper and Jason Becker},
  year = {2021},
  note = {R package version 0.5.27},
}
@Manual{R-sjstats,
  title = {sjstats: Statistical Functions for Regression Models (Version 0.18.1)},
  author = {Daniel Lüdecke},
  year = {2021},
  url = {https://CRAN.R-project.org/package=sjstats},
  doi = {10.5281/zenodo.1284472},
}
@Manual{R-tidyr,
  title = {tidyr: Tidy Messy Data},
  author = {Hadley Wickham},
  year = {2021},
  note = {R package version 1.1.4},
  url = {https://CRAN.R-project.org/package=tidyr},
}
@Manual{R-sjPlot,
  title = {sjPlot: Data Visualization for Statistics in Social Science},
  author = {Daniel Lüdecke},
  year = {2021},
  note = {R package version 2.8.9},
  url = {https://CRAN.R-project.org/package=sjPlot},
}
